@misc{ET,
  title = {{Engineering ToolBox} Overall Heat Transfer Coefficient},
  url = {https://www.engineeringtoolbox.com/overall-heat-transfer-coefficient-d_434.html},
  note = {Accessed: 2019-09-23}
}
